@article{diffusion,
  title={Deep unsupervised learning using nonequilibrium thermodynamics},
  author={Sohl-Dickstein, Jascha and Weiss, Eric and Maheswaranathan, Niru and Ganguli, Surya},
  journal={International Conference on Machine Learning},
  pages={2256--2265},
  year={2015},
  organization={PMLR}
}

@article{ddpm,
  title={Denoising diffusion probabilistic models},
  author={Ho, Jonathan and Jain, Ajay and Abbeel, Pieter},
  journal={Advances in Neural Information Processing Systems},
  volume={33},
  pages={6840--6851},
  year={2020}
}

@article{ddim,
  title={Denoising diffusion implicit models},
  author={Song, Jiaming and Meng, Chenlin and Ermon, Stefano},
  journal={International Conference on Learning Representations},
  year={2021}
}

@article{latent,
  title={High-resolution image synthesis with latent diffusion models},
  author={Rombach, Robin and Blattmann, Andreas and Lorenz, Dominik and Esser, Patrick and Ommer, Bj{\"o}rn},
  journal={Proceedings of the IEEE/CVF Conference on Computer Vision and Pattern Recognition},
  pages={10684--10695},
  year={2022}
}

@article{vqvae,
  title={Neural discrete representation learning},
  author={Van Den Oord, Aaron and Vinyals, Oriol and Kavukcuoglu, Koray},
  journal={Advances in Neural Information Processing Systems},
  volume={30},
  year={2017}
}

@article{vqvae2,
  title={Generating diverse high-fidelity images with VQ-VAE-2},
  author={Razavi, Ali and Van den Oord, Aaron and Vinyals, Oriol},
  journal={Advances in Neural Information Processing Systems},
  volume={32},
  year={2019}
}

@article{vqgan,
  title={Taming Transformers for High-Resolution Image Synthesis},
  author={Esser, Patrick and Rombach, Robin and Ommer, Bjorn},
  journal={Proceedings of the IEEE/CVF Conference on Computer Vision and Pattern Recognition},
  pages={12873--12883},
  year={2021}
}

@article{estimating,
  title={Estimating or propagating gradients through stochastic neurons for conditional computation},
  author={Bengio, Yoshua and L{\'e}onard, Nicholas and Courville, Aaron},
  journal={arXiv preprint arXiv:1308.3432},
  year={2013}
}

@article{binarized,
  title={Binarized neural networks: Training deep neural networks with weights and activations constrained to+ 1 or-1},
  author={Hubara, Itay and Courbariaux, Matthieu and Soudry, Daniel and El-Yaniv, Ran and Bengio, Yoshua},
  journal={Advances in Neural Information Processing Systems},
  volume={29},
  year={2016}
}

@article{structured,
  title={Structured denoising diffusion models in discrete state-spaces},
  author={Austin, Jacob and Johnson, Daniel D and Ho, Jonathan and Tarlow, Daniel and van den Berg, Rianne},
  journal={Advances in Neural Information Processing Systems},
  volume={34},
  pages={17981--17993},
  year={2021}
}

@article{unleashing,
  title={Unleashing transformers: Parallel token prediction with discrete absorbing diffusion for fast high-resolution image generation from vector-quantized codes},
  author={Bond-Taylor, Sam and Willcocks, Chris G},
  journal={arXiv preprint arXiv:2111.12701},
  year={2021}
}

@article{quantum_annealing,
  title={Quantum annealing: a new method for minimizing multidimensional functions},
  author={Finnila, A B and Gomez, M A and Sebenik, C and Stenson, C and Doll, J D},
  journal={Chemical Physics Letters},
  volume={219},
  number={5-6},
  pages={343--348},
  year={1994},
  publisher={Elsevier}
}

@article{qbm,
  title={Quantum Boltzmann machine},
  author={Amin, Mohammad H and Andriyash, Evgeny and Rolfe, Jason and Kulchytskyy, Bohdan and Melko, Roger},
  journal={Physical Review X},
  volume={8},
  number={2},
  pages={021050},
  year={2018},
  publisher={APS}
}

@article{quantum_sampling,
  title={Simulating the Dynamics of Complex Networks via Quantum Computing: From Random Walks to Foraging},
  author={Jordan, Stephen P and Wocjan, Pawel},
  journal={arXiv preprint arXiv:2210.01110},
  year={2022}
}

@article{pggan,
  title={Progressive growing of gans for improved quality, stability, and variation},
  author={Karras, Tero and Aila, Timo and Laine, Samuli and Lehtinen, Jaakko},
  journal={International Conference on Learning Representations},
  year={2018}
}

@article{hierarchical_diffusion,
  title={Progressive distillation for fast sampling of diffusion models},
  author={Salimans, Tim and Ho, Jonathan},
  journal={International Conference on Learning Representations},
  year={2022}
}

@article{imagen,
  title={Photorealistic Text-to-Image Diffusion Models with Deep Language Understanding},
  author={Saharia, Chitwan and Chan, William and Saxena, Saurabh and Li, Lala and Whang, Jay and Denton, Emily and Ghasemipour, Seyed Kamyar Seyed and Ayan, Burcu Karagol and Mahdavi, S Sara and Lopes, Rapha Gontijo and others},
  journal={Advances in Neural Information Processing Systems},
  volume={35},
  pages={36479--36494},
  year={2022}
}

@article{vae,
  title={Auto-encoding variational bayes},
  author={Kingma, Diederik P and Welling, Max},
  journal={International Conference on Learning Representations},
  year={2014}
} 